<?xml version="1.0" encoding="UTF-8"?>
<marc:record xmlns:marc="http://www.loc.gov/MARC21/slim" xmlns:xsi="http://www.w3.org/2001/XMLSchema-instance" xsi:schemaLocation="http://www.loc.gov/standards/marcxml/schema/MARC21slim.xsd">
  <marc:leader>00000ndd a2200000 u 4500</marc:leader>
  <marc:controlfield tag="001">1001135345</marc:controlfield>
  <marc:controlfield tag="003">DE-633</marc:controlfield>
  <marc:controlfield tag="005">20211109090320.0</marc:controlfield>
  <marc:controlfield tag="008">201112##################################</marc:controlfield>
  <marc:datafield tag="031" ind1=" " ind2=" ">
    <marc:subfield code="a">1</marc:subfield>
    <marc:subfield code="b">1</marc:subfield>
    <marc:subfield code="c">1</marc:subfield>
    <marc:subfield code="g">C-1</marc:subfield>
    <marc:subfield code="m">C 1</marc:subfield>
    <marc:subfield code="n">bB</marc:subfield>
    <marc:subfield code="o">3/1</marc:subfield>
    <marc:subfield code="p">1''C'A''C/9C1D/1.C2C1C/1'BB''C/9'B2''C'B/</marc:subfield>
    <marc:subfield code="q">[pl-text: tekst wpisany inną ręką. Możliwe że; klucz, metrum, kreski taktowe i znaki przykluczowe też.]</marc:subfield>
    <marc:subfield code="r">F</marc:subfield>
    <marc:subfield code="t">Gaude Mater Polonia</marc:subfield>
    <marc:subfield code="2">pe</marc:subfield>
  </marc:datafield>
  <marc:datafield tag="031" ind1=" " ind2=" ">
    <marc:subfield code="a">1</marc:subfield>
    <marc:subfield code="b">1</marc:subfield>
    <marc:subfield code="c">2</marc:subfield>
    <marc:subfield code="g">C-1</marc:subfield>
    <marc:subfield code="m">C 2</marc:subfield>
    <marc:subfield code="n">bB</marc:subfield>
    <marc:subfield code="o">3/1</marc:subfield>
    <marc:subfield code="p">1''C'A''C/9C1D/1.C2C1C/1'BB''C/9'B2''C'B/</marc:subfield>
    <marc:subfield code="q">[pl-text: tekst wpisany inną ręką. Możliwe że; klucz, metrum, kreski taktowe i znaki przykluczowe też.]</marc:subfield>
    <marc:subfield code="q">[pl-text: poprawiona nazwa głosu na "Canto 2do".]</marc:subfield>
    <marc:subfield code="r">F</marc:subfield>
    <marc:subfield code="t">Gaude Mater Polonia</marc:subfield>
    <marc:subfield code="2">pe</marc:subfield>
  </marc:datafield>
  <marc:datafield tag="031" ind1=" " ind2=" ">
    <marc:subfield code="a">1</marc:subfield>
    <marc:subfield code="b">1</marc:subfield>
    <marc:subfield code="c">3</marc:subfield>
    <marc:subfield code="g">C-3</marc:subfield>
    <marc:subfield code="m">A 1</marc:subfield>
    <marc:subfield code="n">bB</marc:subfield>
    <marc:subfield code="o">3/1</marc:subfield>
    <marc:subfield code="p">1FFC/9F1F/9.F2C1F/FFF/9D1bE/</marc:subfield>
    <marc:subfield code="q">[pl-text: tekst wpisany inną ręką. Możliwe że; klucz, metrum, kreski taktowe i znaki przykluczowe też.]</marc:subfield>
    <marc:subfield code="r">F</marc:subfield>
    <marc:subfield code="t">Gaude Mater Polonia</marc:subfield>
    <marc:subfield code="2">pe</marc:subfield>
  </marc:datafield>
  <marc:datafield tag="031" ind1=" " ind2=" ">
    <marc:subfield code="a">1</marc:subfield>
    <marc:subfield code="b">1</marc:subfield>
    <marc:subfield code="c">3</marc:subfield>
    <marc:subfield code="g">C-4</marc:subfield>
    <marc:subfield code="m">T 1</marc:subfield>
    <marc:subfield code="n">bB</marc:subfield>
    <marc:subfield code="o">3/1</marc:subfield>
    <marc:subfield code="p">1CCC/9C1D/1.C2C1C/2DDC/9,B'2D,B/</marc:subfield>
    <marc:subfield code="q">[pl-text: tekst wpisany inną ręką. Możliwe że; klucz, metrum, kreski taktowe i znaki przykluczowe też.]</marc:subfield>
    <marc:subfield code="r">F</marc:subfield>
    <marc:subfield code="t">Gaude Mater Polonia</marc:subfield>
    <marc:subfield code="2">pe</marc:subfield>
  </marc:datafield>
  <marc:datafield tag="031" ind1=" " ind2=" ">
    <marc:subfield code="a">1</marc:subfield>
    <marc:subfield code="b">1</marc:subfield>
    <marc:subfield code="c">4</marc:subfield>
    <marc:subfield code="g">C-4</marc:subfield>
    <marc:subfield code="m">T 2</marc:subfield>
    <marc:subfield code="n">bB</marc:subfield>
    <marc:subfield code="o">3/1</marc:subfield>
    <marc:subfield code="p">1CCC/9C1D/1.C2C1C/2DDC/9,B'2D,B/</marc:subfield>
    <marc:subfield code="q">[pl-text: tekst wpisany inną ręką. Możliwe że; klucz, metrum, kreski taktowe i znaki przykluczowe też.]</marc:subfield>
    <marc:subfield code="r">F</marc:subfield>
    <marc:subfield code="t">Gaude Mater Polonia</marc:subfield>
    <marc:subfield code="2">pe</marc:subfield>
  </marc:datafield>
  <marc:datafield tag="031" ind1=" " ind2=" ">
    <marc:subfield code="a">1</marc:subfield>
    <marc:subfield code="b">1</marc:subfield>
    <marc:subfield code="c">5</marc:subfield>
    <marc:subfield code="g">F-4</marc:subfield>
    <marc:subfield code="m">B 1</marc:subfield>
    <marc:subfield code="n">bB</marc:subfield>
    <marc:subfield code="o">3/1</marc:subfield>
    <marc:subfield code="p">1,FFF/9F,,1B/1.F2F1F/BBF/9G1,C/</marc:subfield>
    <marc:subfield code="q">[pl-text: f. 10 r. – tekst wpisany inną ręką. Możliwe że; klucz, metrum, kreski taktowe i znaki przykluczowe też.]</marc:subfield>
    <marc:subfield code="q">[pl-text: f. 11 r. – tekst wpisany inną ręką. Możliwe że; klucz, metrum, kreski taktowe i znaki przykluczowe też.]</marc:subfield>
    <marc:subfield code="q">[pl-text: jedynie na karcie f. 11 r. głos został podpisany "Imō Basso". W pozostałych partiach brak nazwy głosu.]</marc:subfield>
    <marc:subfield code="r">F</marc:subfield>
    <marc:subfield code="t">Gaude Mater Polonia</marc:subfield>
    <marc:subfield code="2">pe</marc:subfield>
  </marc:datafield>
  <marc:datafield tag="040" ind1=" " ind2=" ">
    <marc:subfield code="a">DE-633</marc:subfield>
  </marc:datafield>
  <marc:datafield tag="041" ind1="0" ind2=" ">
    <marc:subfield code="a">lat</marc:subfield>
  </marc:datafield>
  <marc:datafield tag="130" ind1="0" ind2=" ">
    <marc:subfield code="a">Gaude Mater Polonia</marc:subfield>
    <marc:subfield code="m">Coro</marc:subfield>
    <marc:subfield code="r">F</marc:subfield>
    <marc:subfield code="0">3971928</marc:subfield>
  </marc:datafield>
  <marc:datafield tag="245" ind1="1" ind2="0">
    <marc:subfield code="a">[from part [B1], f. 9 v.:] Himni duo | 1 Gaude Mater Polonia ded.Han | 2 Deus tuorum militum deMart</marc:subfield>
  </marc:datafield>
  <marc:datafield tag="260" ind1=" " ind2=" ">
    <marc:subfield code="c">ca. 1700</marc:subfield>
    <marc:subfield code="8">01</marc:subfield>
  </marc:datafield>
  <marc:datafield tag="300" ind1=" " ind2=" ">
    <marc:subfield code="a">11 parts</marc:subfield>
    <marc:subfield code="c">31 x 19,5 cm</marc:subfield>
    <marc:subfield code="8">01</marc:subfield>
  </marc:datafield>
  <marc:datafield tag="590" ind1=" " ind2=" ">
    <marc:subfield code="a">C 1</marc:subfield>
    <marc:subfield code="b">f. 1 r.</marc:subfield>
    <marc:subfield code="8">01</marc:subfield>
  </marc:datafield>
  <marc:datafield tag="590" ind1=" " ind2=" ">
    <marc:subfield code="a">C 2</marc:subfield>
    <marc:subfield code="b">f. 2 r., 3 r.</marc:subfield>
    <marc:subfield code="8">01</marc:subfield>
  </marc:datafield>
  <marc:datafield tag="590" ind1=" " ind2=" ">
    <marc:subfield code="a">A 1</marc:subfield>
    <marc:subfield code="b">f. 4 r., 5 r.</marc:subfield>
    <marc:subfield code="8">01</marc:subfield>
  </marc:datafield>
  <marc:datafield tag="590" ind1=" " ind2=" ">
    <marc:subfield code="a">T 1</marc:subfield>
    <marc:subfield code="b">f. 7 r.</marc:subfield>
    <marc:subfield code="8">01</marc:subfield>
  </marc:datafield>
  <marc:datafield tag="590" ind1=" " ind2=" ">
    <marc:subfield code="a">[T 2 + T 1]</marc:subfield>
    <marc:subfield code="b">f. 6 r.</marc:subfield>
    <marc:subfield code="8">01</marc:subfield>
  </marc:datafield>
  <marc:datafield tag="590" ind1=" " ind2=" ">
    <marc:subfield code="a">T 2</marc:subfield>
    <marc:subfield code="b">f. 8 r.</marc:subfield>
    <marc:subfield code="8">01</marc:subfield>
  </marc:datafield>
  <marc:datafield tag="590" ind1=" " ind2=" ">
    <marc:subfield code="a">B 1</marc:subfield>
    <marc:subfield code="b">f. 9 r., 10 r., 11 r.</marc:subfield>
    <marc:subfield code="8">01</marc:subfield>
  </marc:datafield>
  <marc:datafield tag="593" ind1=" " ind2=" ">
    <marc:subfield code="a">Manuscript copy</marc:subfield>
    <marc:subfield code="8">01</marc:subfield>
  </marc:datafield>
  <marc:datafield tag="594" ind1=" " ind2=" ">
    <marc:subfield code="b">Coro C1</marc:subfield>
    <marc:subfield code="c">1</marc:subfield>
  </marc:datafield>
  <marc:datafield tag="594" ind1=" " ind2=" ">
    <marc:subfield code="b">Coro C2</marc:subfield>
    <marc:subfield code="c">2</marc:subfield>
  </marc:datafield>
  <marc:datafield tag="594" ind1=" " ind2=" ">
    <marc:subfield code="b">Coro A2</marc:subfield>
    <marc:subfield code="c">2</marc:subfield>
  </marc:datafield>
  <marc:datafield tag="594" ind1=" " ind2=" ">
    <marc:subfield code="b">Coro T1, 2</marc:subfield>
    <marc:subfield code="c">1</marc:subfield>
  </marc:datafield>
  <marc:datafield tag="594" ind1=" " ind2=" ">
    <marc:subfield code="b">Coro T1</marc:subfield>
    <marc:subfield code="c">1</marc:subfield>
  </marc:datafield>
  <marc:datafield tag="594" ind1=" " ind2=" ">
    <marc:subfield code="b">Coro T 2</marc:subfield>
    <marc:subfield code="c">1</marc:subfield>
  </marc:datafield>
  <marc:datafield tag="594" ind1=" " ind2=" ">
    <marc:subfield code="b">Coro B 1</marc:subfield>
    <marc:subfield code="c">3</marc:subfield>
  </marc:datafield>
  <marc:datafield tag="594" ind1=" " ind2=" ">
    <marc:subfield code="a">Coro C1, Coro C2 (2), Coro A2 (2), Coro T1, 2, Coro T1, Coro T 2, Coro B 1 (3)</marc:subfield>
  </marc:datafield>
  <marc:datafield tag="599" ind1=" " ind2=" ">
    <marc:subfield code="b">full</marc:subfield>
  </marc:datafield>
  <marc:datafield tag="650" ind1="0" ind2="7">
    <marc:subfield code="a">Hymns</marc:subfield>
    <marc:subfield code="0">25238</marc:subfield>
  </marc:datafield>
  <marc:datafield tag="773" ind1="1" ind2="8">
    <marc:subfield code="w">1001135342</marc:subfield>
  </marc:datafield>
  <marc:datafield tag="852" ind1=" " ind2=" ">
    <marc:subfield code="a">PL-Kk</marc:subfield>
    <marc:subfield code="e">Archiwum i Biblioteka Krakowskiej Kapituły Katedralnej</marc:subfield>
    <marc:subfield code="x">ks30002080</marc:subfield>
    <marc:subfield code="c">Kk.I.380</marc:subfield>
    <marc:subfield code="p"/>
    <marc:subfield code="q"/>
    <marc:subfield code="u"/>
    <marc:subfield code="z"/>
  </marc:datafield>
  <marc:datafield tag="980" ind1=" " ind2=" ">
    <marc:subfield code="a">RISM</marc:subfield>
    <marc:subfield code="c">examined</marc:subfield>
  </marc:datafield>
</marc:record>
